@online{touchreference,
author = "Luke Wroblewski",
title = "Touch {G}esture {R}eference {G}uide",
year = "2010",
url = "www.lukew.com/ff/entry.asp?1071"
}

@book{morris79,
author = "Desmond Morris and Peter Collett and Peter Marsh and Marie O’Shaughnessy",
title = "Gestures",
year = "1979",
publisher = "Johnathan Cape"
}

@online{inkgestures,
author = "Jeroen Arendsen",
title = "Pen {G}estures",
year = "2006",
url = "jeroenarendsen.nl/2006/04/pen-gestures/"
}

@online{touchtech,
organization = "EIZO Global",
title = "How Can a Screen Sense Touch? A Basic Understanding of Touch Panels",
year = "2011",
url = "www.eizoglobal.com/library/basics/basic_understanding_of_touch_panel/"
}

@online{printingcollection,
organization = "The Printing Collection",
title= "Raster Images vs. Vector Graphics",
url = "www.printcnx.com/resources-and-support/addiational-resources/raster-images-vs-vector-graphics/"
}

@online{catiareel,
organization = "3dsCATIA",
title = "CATIA V6 | Industrial Design | CATIA Natural Sketch Showreel",
date = "2011-12-06",
url = "www.youtube.com/watch?v=xXYCaabNHCo"
}

@online{hyve3d,
author = "Tomás Dorta and Michael Hoffmann and Gökçe Kınayoğlu",
title = "Hyve 3D",
year = "2014",
url = "www.hyve3d.com"
}

@online{coreal,
organization = "Corel Corporation",
title = "Painter",
url = "www.painterartist.com/us/product/paint-program/"
}

@online{photoshop,
title = "Photoshop",
organization = "Adobe",
url = "www.adobe.com/products/photoshop.html"
}

@online{mspaint,
organization = "Microsoft",
title = "MSPaint"
}

@online{gimp,
author = "Spencer Kimball and Peter Mattis",
title = "GNU Image Manipulation Program (GIMP)",
organization = "The GIMP Development Team",
url = "www.gimp.org"
}

@online{sketchbook,
organization = "Autodesk",
title = "Sketchbook",
url = "www.sketchbook.com/"
}

@online{mischief,
author = "Sarah F. Frisken",
organization = "Made With Mischief",
title = "Mischief",
url = "www.madewithmischief.com"
}

@article{asdf,
author = "Sarah F. Frisken and Ronald N. Perry and Alyn P. Rockwood and Thouis R. Jones",
title = "Adaptively Sampled Distance Fields: A General Representation of Shape for Computer Graphics",
journaltitle = "Proc. SIGGRAPH",
year = "2000"
}

@article{lovesketch,
author = "Seok-Hyung Bae and Ravin Balakrishnan and Karan Singh",
title = "EverybodyLovesSketch: 3D Sketching for a Broader Audience",
journaltitle = "UIST",
year = "2009"
}

@online{illustrator,
organizaiton = "Adobe",
title = "Illustrator",
url = "www.adobe.com/products/illustrator.html"
}

@online{coreldraw,
organization = "Corel",
title = "Draw",
url = "www.coreldraw.com"
}

@online{inkscape,
author = "Nathan Hurst",
title = "Inkscape",
organization = "Inkscape Project",
url = "inkscape.org"
}

@online{catia,
title = "CATIA",
organization = "Dassault Systèmes",
url = "www.3ds.com/products/catia"
}